<?xml version="1.0" encoding="UTF-8"?>
<record xmlns="http://www.loc.gov/MARC21/slim">
   <leader>01180cam a22003255  4500</leader>
   <controlfield tag="001">2835721</controlfield>
   <controlfield tag="003">NjP</controlfield>
   <controlfield tag="005">20190710123716.0</controlfield>
   <controlfield tag="008">991206s1938    ua            000 0 ara d</controlfield>
   <datafield tag="024" ind1="7" ind2=" ">
      <subfield code="a">princeton_aco004686</subfield>
      <subfield code="2">local</subfield>
   </datafield>
   <datafield ind1=" " ind2=" " tag="035">
      <subfield code="a">2835721</subfield>
   </datafield>
   <datafield ind1=" " ind2=" " tag="040">
      <subfield code="a">PUL</subfield>
      <subfield code="c">PUL</subfield>
      <subfield code="d">PUL</subfield>
   </datafield>
   <datafield ind1=" " ind2=" " tag="066">
      <subfield code="c">(3</subfield>
   </datafield>
   <datafield ind1=" " ind2=" " tag="035">
      <subfield code="9">CNR8225TS</subfield>
   </datafield>
   <datafield ind1=" " ind2=" " tag="035">
      <subfield code="a">(NjP)2835721</subfield>
   </datafield>
   <datafield ind1=" " ind2="4" tag="050">
      <subfield code="a">D921</subfield>
      <subfield code="b">H3 1938</subfield>
   </datafield>
   <datafield ind1=" " ind2=" " tag="049">
      <subfield code="a">PULL</subfield>
   </datafield>
   <datafield ind1=" " ind2=" " tag="019">
      <subfield code="a">42940038</subfield>
   </datafield>
   <datafield ind1=" " ind2=" " tag="035">
      <subfield code="a">(OCoLC)ocn861706879</subfield>
      <subfield code="z">(OCoLC)ocm42940038</subfield>
   </datafield>
   <datafield ind1="0" ind2=" " tag="100">
      <subfield code="a">Ṣiḥāfī al-ʻajūz,</subfield>
      <subfield code="c">pseud.</subfield>
   </datafield>
   <datafield ind1="0" ind2="0" tag="245">
      <subfield code="6">880-01</subfield>
      <subfield code="a">Riḥlāt al-Ṣiḥāfī al-ʻajūz:</subfield>
      <subfield code="b">shahrān fī Lubnān wa-bilād al-Yūnān wa-Īṭāliyā wa-Ṭarābulus al-Gharb ṣayf sanat 1938.</subfield>
   </datafield>
   <datafield ind1=" " ind2=" " tag="260">
      <subfield code="a">[Cairo]</subfield>
      <subfield code="c">1938.</subfield>
   </datafield>
   <datafield ind1=" " ind2=" " tag="300">
      <subfield code="a">268 p.</subfield>
      <subfield code="c">20 cm.</subfield>
   </datafield>
   <datafield ind1=" " ind2=" " tag="546">
      <subfield code="a">In Arabic.</subfield>
   </datafield>
   <datafield ind1=" " ind2="0" tag="651">
      <subfield code="a">Europe</subfield>
      <subfield code="x">Description and travel.</subfield>
      <subfield code="0">http://id.loc.gov/authorities/subjects/sh85045661</subfield>
   </datafield>
   <datafield ind1="0" ind2="0" tag="880">
      <subfield code="6">245-01/(3/r</subfield>
      <subfield code="a">رحلات الصحافي العجوز:</subfield>
      <subfield code="b">شهران في لبنان وبلاد اليونان وايطالا وطرابلس الغرب صيف سنة 1938.</subfield>
   </datafield>
   <datafield ind1=" " ind2=" " tag="911">
      <subfield code="a">20000220</subfield>
   </datafield>
   <datafield ind1=" " ind2=" " tag="994">
      <subfield code="a">C0</subfield>
      <subfield code="b">PUL</subfield>
   </datafield>
   <datafield ind1=" " ind2=" " tag="999">
      <subfield code="a">2835721</subfield>
   </datafield>
   <datafield ind1=" " ind2=" " tag="902">
      <subfield code="a">jab</subfield>
      <subfield code="b">r</subfield>
      <subfield code="6">a</subfield>
      <subfield code="7">m</subfield>
      <subfield code="d">v</subfield>
      <subfield code="f">0</subfield>
      <subfield code="e">20100726</subfield>
   </datafield>
   <datafield ind1=" " ind2=" " tag="979">
      <subfield code="a">(OCoLC)ocn178140876</subfield>
   </datafield>
   <datafield ind1=" " ind2=" " tag="979">
      <subfield code="a">(OCoLC)ocm42940038</subfield>
   </datafield>
   <datafield ind1="8" ind2="0" tag="852">
      <subfield code="0">3148202</subfield>
      <subfield code="b">rcppa</subfield>
      <subfield code="t">1</subfield>
      <subfield code="h">2274.888.376</subfield>
      <subfield code="x">tr fr f</subfield>
   </datafield>
   <datafield ind1=" " ind2=" " tag="959">
      <subfield code="a">2009-07-02 12:18:34 -0500</subfield>
   </datafield>
</record>
